@article{Moore2018,
  title = {Opty: {{Software}} for Trajectory Optimization and Parameter Identification Using Direct Collocation},
  author = {Moore, Jason K. and {van den Bogert}, Antonie},
  year = {2018},
  month = jan,
  journal = {Journal of Open Source Software},
  volume = {3},
  number = {21},
  pages = {300},
  doi = {10.21105/joss.00300},
  copyright = {Creative Commons Attribution 4.0 International License (CC-BY)},
  file = {/home/moorepants/Zotero/storage/MY4667HT/Moore and van den Bogert - 2018 - opty Software for trajectory optimization and par.pdf;/home/moorepants/Zotero/storage/8TTTN3R5/joss.html}
}
